<?xml version="1.0" encoding="UTF-8"?><collection xmlns="http://www.loc.gov/MARC21/slim"><record><leader>00391nam--2200157-i-4500</leader><controlfield tag="001">000013458</controlfield><controlfield tag="002">20161230</controlfield><controlfield tag="005">20170222164622</controlfield><controlfield tag="008">060222s1000------------r-----000-0-eng-d</controlfield><datafield ind1=" " ind2=" " tag="100"><subfield code="a">Duta, Gheorghe</subfield></datafield><datafield ind1=" " ind2=" " tag="245"><subfield code="a">Incalzirea cladirilor industriale</subfield></datafield><datafield ind1=" " ind2=" " tag="260"><subfield code="a">Bucuresti</subfield><subfield code="b">Ed.Tehnica</subfield><subfield code="c">1981</subfield></datafield><datafield ind1=" " ind2=" " tag="300"><subfield code="a">344 p</subfield></datafield><datafield ind1=" " ind2=" " tag="700"><subfield code="a">Vasilescu, P</subfield></datafield><datafield ind1=" " ind2=" " tag="852"><subfield code="a">658.233:697</subfield></datafield><datafield ind1=" " ind2=" " tag="CAT"><subfield code="a">SYS</subfield><subfield code="c">20170222</subfield><subfield code="h">164622</subfield></datafield></record></collection>